@article{DUNE:2022Snowmass,
    author = "Abed Abud, A. and others",
    collaboration = "DUNE",
    title = "{Snowmass Neutrino Frontier: DUNE Physics Summary}",
    eprint = "2203.06100",
    archivePrefix = "arXiv",
    primaryClass = "hep-ex",
    reportNumber = "FERMILAB-FN-1168-LBNF",
    month = "3",
    year = "2022"
}

@article{DUNE:2020TDR1,
    author = "Abi, Babak and others",
    collaboration = "DUNE",
    title = "{Deep Underground Neutrino Experiment (DUNE), Far Detector Technical Design Report, Volume I Introduction to DUNE}",
    eprint = "2002.02967",
    archivePrefix = "arXiv",
    primaryClass = "physics.ins-det",
    reportNumber = "FERMILAB-PUB-20-024-ND, FERMILAB-DESIGN-2020-01",
    doi = "10.1088/1748-0221/15/08/T08008",
    journal = "JINST",
    volume = "15",
    number = "08",
    pages = "T08008",
    year = "2020"
}

@article{DUNE:2020TDR4,
    author = "Abi, Babak and others",
    collaboration = "DUNE",
    title = "{Deep Underground Neutrino Experiment (DUNE), Far Detector Technical Design Report, Volume IV: Far Detector Single-phase Technology}",
    eprint = "2002.03010",
    archivePrefix = "arXiv",
    primaryClass = "physics.ins-det",
    reportNumber = "FERMILAB-PUB-20-027-ND, FERMILAB-DESIGN-2020-04",
    doi = "10.1088/1748-0221/15/08/T08010",
    journal = "JINST",
    volume = "15",
    number = "08",
    pages = "T08010",
    year = "2020"
}

@incollection{M-distance,
title = {Chapter 6 - Some Multivariate Methods},
booktitle = {Introduction to Robust Estimation and Hypothesis Testing},
publisher = {Academic Press},
edition = {third},
address = {Boston},
pages = {215-289},
year = {2012},
series = {Statistical Modeling and Decision Science},
isbn = {978-0-12-386983-8},
doi = {https://doi.org/10.1016/B978-0-12-386983-8.00006-8},
author = {Rand Wilcox}
}

@article{Gluckstern:1963,
    author = "Gluckstern, R. L.",
    title = "{Uncertainties in track momentum and direction, due to multiple scattering and measurement errors}",
    doi = "10.1016/0029-554X(63)90347-1",
    journal = "Nucl. Instrum. Meth.",
    volume = "24",
    pages = "381--389",
    year = "1963"
}

@article{DUNE:2023TDRVD,
    author = "Abed Abud, Adam and others",
    collaboration = "DUNE",
    title = "{The DUNE Far Detector Vertical Drift Technology, Technical Design Report}",
    eprint = "2312.03130",
    archivePrefix = "arXiv",
    primaryClass = "hep-ex",
    reportNumber = "FERMILAB-TM-2813-LBNF",
    month = "12",
    year = "2023"
}

@article{Battisti:2022ND,
    author = "Battisti, Federico",
    collaboration = "DUNE",
    title = "{The DUNE Near Detector}",
    reportNumber = "FERMILAB-CONF-23-505-V",
    doi = "10.22323/1.414.0615",
    journal = "PoS",
    volume = "ICHEP2022",
    pages = "615",
    year = "2022"
}

@article{DUNE:2016LBNFTDR,
    author = "Strait, James and others",
    collaboration = "DUNE",
    title = "{Long-Baseline Neutrino Facility (LBNF) and Deep Underground Neutrino Experiment (DUNE)}: {Conceptual Design Report, Volume 3: Long-Baseline Neutrino Facility for DUNE June 24, 2015}",
    eprint = "1601.05823",
    archivePrefix = "arXiv",
    primaryClass = "physics.ins-det",
    reportNumber = "FERMILAB-DESIGN-2016-03",
    month = "1",
    year = "2016"
}

@inproceedings{Papadimitriou:2016ksv,
    author = "Papadimitriou, Vaia and others",
    title = "{Design of the LBNF Beamline}",
    booktitle = "{7th International Particle Accelerator Conference}",
    eprint = "1704.04471",
    archivePrefix = "arXiv",
    primaryClass = "physics.acc-ph",
    reportNumber = "FERMILAB-CONF-16-163-AD",
    doi = "10.18429/JACoW-IPAC2016-TUPMR025",
    pages = "TUPMR025",
    year = "2016"
}

@article{MicroBooNE:2016pwy,
    author = "Acciarri, R. and others",
    collaboration = "MicroBooNE",
    title = "{Design and Construction of the MicroBooNE Detector}",
    eprint = "1612.05824",
    archivePrefix = "arXiv",
    primaryClass = "physics.ins-det",
    reportNumber = "FERMILAB-PUB-16-613-ND",
    doi = "10.1088/1748-0221/12/02/P02017",
    journal = "JINST",
    volume = "12",
    number = "02",
    pages = "P02017",
    year = "2017"
}

@article{Machado:2019oxb,
    author = "Machado, Pedro AN and Palamara, Ornella and Schmitz, David W",
    title = "{The Short-Baseline Neutrino Program at Fermilab}",
    eprint = "1903.04608",
    archivePrefix = "arXiv",
    primaryClass = "hep-ex",
    reportNumber = "FERMILAB-PUB-19-079-ND-T",
    doi = "10.1146/annurev-nucl-101917-020949",
    journal = "Ann. Rev. Nucl. Part. Sci.",
    volume = "69",
    pages = "363--387",
    year = "2019"
}

@article{Rubbia:1977zz,
    author = "Rubbia, C.",
    title = "{The Liquid Argon Time Projection Chamber: A New Concept for Neutrino Detectors}",
    reportNumber = "CERN-EP-INT-77-08, CERN-EP-77-08",
    month = "5",
    year = "1977"
}

@article{ICARUS:2004wqc,
    author = "Amerio, S. and others",
    collaboration = "ICARUS",
    title = "{Design, construction and tests of the ICARUS T600 detector}",
    doi = "10.1016/j.nima.2004.02.044",
    journal = "Nucl. Instrum. Meth. A",
    volume = "527",
    pages = "329--410",
    year = "2004"
}

@article{DUNE:2020cqd,
    author = "Abi, B. and others",
    collaboration = "DUNE",
    title = "{First results on ProtoDUNE-SP liquid argon time projection chamber performance from a beam test at the CERN Neutrino Platform}",
    eprint = "2007.06722",
    archivePrefix = "arXiv",
    primaryClass = "physics.ins-det",
    reportNumber = "FERMILAB-PUB-20-059-AD-ESH-LBNF-ND-SCD, CERN-EP-2020-125",
    doi = "10.1088/1748-0221/15/12/P12004",
    journal = "JINST",
    volume = "15",
    number = "12",
    pages = "P12004",
    year = "2020"
}

@article{DUNE:2018mlo,
    author = "Abi, B. and others",
    collaboration = "DUNE",
    title = "{The DUNE Far Detector Interim Design Report, Volume 3: Dual-Phase Module}",
    eprint = "1807.10340",
    archivePrefix = "arXiv",
    primaryClass = "physics.ins-det",
    reportNumber = "Fermilab-Design-2018-04, FERMILAB-DESIGN-2018-04",
    month = "7",
    year = "2018"
}

@article{Segreto:2018jdx,
    author = "Segreto, E. and others",
    title = "{Liquid Argon test of the ARAPUCA device}",
    eprint = "1805.00382",
    archivePrefix = "arXiv",
    primaryClass = "physics.ins-det",
    doi = "10.1088/1748-0221/13/08/P08021",
    journal = "JINST",
    volume = "13",
    number = "08",
    pages = "P08021",
    year = "2018"
}

@article{Dwyer:2018phu,
    author = "Dwyer, D. A. and others",
    title = "{LArPix: Demonstration of low-power 3D pixelated charge readout for liquid argon time projection chambers}",
    eprint = "1808.02969",
    archivePrefix = "arXiv",
    primaryClass = "physics.ins-det",
    doi = "10.1088/1748-0221/13/10/P10007",
    journal = "JINST",
    volume = "13",
    number = "10",
    pages = "P10007",
    year = "2018"
}

@phdthesis{Goldi:2018mbo,
    author = {G\"oldi, Damian},
    title = "{A Novel Liquid Argon Time Projection Chamber Detector: The ArgonCube Concept}",
    doi = "10.7892/boris.116931",
    school = "Bern U.",
    year = "2018"
}

@article{Smith:1997qhd,
    author = "Smith, K. D. and Broadbent, A. J. and Greenslade, M. and Harrison, S. M. and Jenkins, D. M. and Ross, J. S. H. and Street, A. and Townsend, M. C. and Wiatrzyk, J. M. and Franzini, J. Lee",
    editor = "Adams, M.",
    title = "{Progress in the design and manufacture of the KLOE solenoid for the DAPHNE ring at Frascati}",
    doi = "10.1109/77.614583",
    journal = "IEEE Trans. Appl. Supercond.",
    volume = "7",
    number = "2",
    pages = "630--632",
    year = "1997"
}

@article{ALICE,
    author = "Alme, J. and others",
    title = "{The ALICE TPC, a large 3-dimensional tracking device with fast readout for ultra-high multiplicity events}",
    eprint = "1001.1950",
    archivePrefix = "arXiv",
    primaryClass = "physics.ins-det",
    doi = "10.1016/j.nima.2010.04.042",
    journal = "Nucl. Instrum. Meth. A",
    volume = "622",
    pages = "316--367",
    year = "2010"
}

@inproceedings{Ferretti:2022yjd,
    author = "Ferretti, A.",
    collaboration = "ALICE",
    title = "{The ALICE Experiment Upgrades}",
    booktitle = "{32nd Rencontres de Blois on Particle Physics and Cosmology}",
    eprint = "2201.08871",
    archivePrefix = "arXiv",
    primaryClass = "physics.ins-det",
    month = "1",
    year = "2022"
}

@article{DUNE:2021NDCDR,
    author = "Hewes, V. and others",
    collaboration = "DUNE",
    title = "{Deep Underground Neutrino Experiment (DUNE) Near Detector Conceptual Design Report}",
    eprint = "2103.13910",
    archivePrefix = "arXiv",
    primaryClass = "physics.ins-det",
    reportNumber = "FERMILAB-PUB-21-067-E-LBNF-PPD-SCD-T",
    doi = "10.3390/instruments5040031",
    journal = "Instruments",
    volume = "5",
    number = "4",
    pages = "31",
    year = "2021"
}

@article{Belikov:1997ska,
    author = "Belikov, Yu and Safar\'\i{}k, K. and Batyunya, B.",
    collaboration = "ALICE",
    title = "{Kalman Filtering Application for Track Recognition and Reconstruction in ALICE Tracking System}",
    journal = "ALICE-INT-1997-24, CERN-ALICE-INT-1997-24",
    year = "1997"
}

@article{ALICE:2008ngc,
    author = "Aamodt, K. and others",
    collaboration = "ALICE",
    title = "{The ALICE experiment at the CERN LHC}",
    doi = "10.1088/1748-0221/3/08/S08002",
    journal = "JINST",
    volume = "3",
    pages = "S08002",
    year = "2008"
}

@article{Bersani:2023rlw,
    author = "Bersani, Andrea and others",
    title = "{SPY: A Magnet System for a High-pressure Gaseous TPC Neutrino Detector}",
    eprint = "2311.16063",
    archivePrefix = "arXiv",
    primaryClass = "hep-ex",
    reportNumber = "FERMILAB-PUB-23-763-PPD",
    month = "11",
    year = "2023"
}

@article{Golovatyuk:2016zps,
    author = "Golovatyuk, V. and Kekelidze, V. and Kolesnikov, V. and Rogachevsky, O. and Sorin, A.",
    title = "{The Multi-Purpose Detector (MPD) of the collider experiment}",
    doi = "10.1140/epja/i2016-16212-1",
    journal = "Eur. Phys. J. A",
    volume = "52",
    number = "8",
    pages = "212",
    year = "2016"
}

@article{CALICE:2010fpb,
    author = "Adloff, C. and others",
    collaboration = "CALICE",
    title = "{Construction and Commissioning of the CALICE Analog Hadron Calorimeter Prototype}",
    eprint = "1003.2662",
    archivePrefix = "arXiv",
    primaryClass = "physics.ins-det",
    reportNumber = "DESY-10-032, CALICE-PUB-2010-001",
    doi = "10.1088/1748-0221/5/05/P05004",
    journal = "JINST",
    volume = "5",
    pages = "P05004",
    year = "2010"
}

@article{T2KUK:2013wkh,
    author = "Allan, D. and others",
    collaboration = "T2K UK",
    title = "{The Electromagnetic Calorimeter for the T2K Near Detector ND280}",
    eprint = "1308.3445",
    archivePrefix = "arXiv",
    primaryClass = "physics.ins-det",
    doi = "10.1088/1748-0221/8/10/P10019",
    journal = "JINST",
    volume = "8",
    pages = "P10019",
    year = "2013"
}

@article{PDG,
    author = "Patrignani, C. and others",
    collaboration = "Particle Data Group",
    title = "{Review of Particle Physics: Passage of particles through matter}",
    doi = "10.1088/1674-1137/40/10/100001",
    journal = "Chin. Phys. C",
    volume = "40",
    number = "10",
    pages = "100001",
    year = "2016"
}

@article{STERNHEIMER1984261,
    author = "Sternheimer, R. M. and Berger, M. J. and Seltzer, S. M.",
    title = "{Density Effect for the Ionization Loss of Charged Particles in Various Substances}",
    reportNumber = "BNL-33571",
    doi = "10.1016/0092-640X(84)90002-0",
    journal = "Atom. Data Nucl. Data Tabl.",
    volume = "30",
    pages = "261--271",
    year = "1984"
}

@Inbook{Griffiths2010,
author="Griffiths, David F.
and Higham, Desmond J.",
title="Euler's Method",
bookTitle="Numerical Methods for Ordinary Differential Equations: Initial Value Problems",
year="2010",
publisher="Springer London",
address="London",
chapter = "2",
pages="19--31",
abstract="During the course of this book we will describe three families of methods for numerically solving IVPs: the Taylor series (TS) method, linear multistep methods (LMMs) and Runge--Kutta (RK) methods.",
isbn="978-0-85729-148-6",
doi="10.1007/978-0-85729-148-6_2",
}

@misc{carminati2003simulation,
      title={Simulation in ALICE}, 
      author={F. Carminati and A. Morsch},
      year={2003},
      eprint={physics/0306092},
      archivePrefix={arXiv},
      primaryClass={physics.comp-ph}
}

@article{LYNCH19916,
    author = "Lynch, Gerald R. and Dahl, Orin I.",
    title = "{Approximations to multiple Coulomb scattering}",
    reportNumber = "LBL-28165-REV, LBL-28165",
    doi = "10.1016/0168-583X(91)95671-Y",
    journal = "Nucl. Instrum. Meth. B",
    volume = "58",
    pages = "6--10",
    year = "1991"
}

@article{PDG:34,
    author = "Patrignani, C. and others",
    collaboration = "Particle Data Group",
    title = "{Review of Particle Physics: Particle detectors and accelerators}",
    doi = "10.1088/1674-1137/40/10/100001",
    journal = "Chin. Phys. C",
    volume = "40",
    number = "10",
    pages = "100001",
    year = "2016"
}

@article{Arslandok:2022dyb,
    author = {Arslandok, Mesut and Hellb\"ar, Ernst and Ivanov, Marian and M\"unzer, Robert Helmut and Wiechula, Jens},
    title = "{Track Reconstruction in a High-Density Environment with ALICE}",
    eprint = "2203.10325",
    archivePrefix = "arXiv",
    primaryClass = "physics.ins-det",
    doi = "10.3390/particles5010008",
    journal = "Particles",
    volume = "5",
    number = "1",
    pages = "84--95",
    year = "2022"
}

@article{Cov,
    author = {Tellinghuisen, Joel},
    title = {Statistical Error Propagation},
    journal = {The Journal of Physical Chemistry A},
    volume = {105},
    pages = {3917-3921},
    year = {2001},
}

@article{ILRM,
title = {Effective algorithms for circle fitting},
journal = {Computer Physics Communications},
volume = {33},
number = {4},
pages = {329-333},
year = {1984},
issn = {0010-4655},
doi = {https://doi.org/10.1016/0010-4655(84)90137-1},
url = {https://www.sciencedirect.com/science/article/pii/0010465584901371},
author = {N.I. Chernov and G.A. Ososkov}
}

@misc{garsoft,
  title = {{GArSoft}},
  author = {},
  howpublished = {https://github.com/DUNE/garsoft},
  note = {Accessed: 2024-03-29}
}

@article{Lu,
    author = "Hamacher-Baumann, Philip and Lu, Xianguo and Martìn-Albo, Justo",
    title = "{Neutrino-hydrogen interactions with a high-pressure time projection chamber}",
    eprint = "2005.05252",
    archivePrefix = "arXiv",
    primaryClass = "physics.ins-det",
    doi = "10.1103/PhysRevD.102.033005",
    journal = "Phys. Rev. D",
    volume = "102",
    number = "3",
    pages = "033005",
    year = "2020"
}

@misc{fastMCKalman,
  title = {{fastMCKalman}},
  author = {},
  howpublished = {\url{https://github.com/miranov25/fastMCKalman}},
  note = {Accessed: 2024-03-29}
}

@misc{T2KNotes,
  title = "T2K notes on neutrino physics",
  author = "",
  url = "https://t2k-experiment.org/neutrinos/",
}

@misc{LBNFpage,
  title = "DUNE at LBNF official page",
  author = "",
  url = "https://lbnf-dune.fnal.gov/how-it-works/neutrino-beam/",
}

@article{DUNE:2020ypp,
    author = "Abi, Babak and others",
    collaboration = "DUNE",
    title = "{Deep Underground Neutrino Experiment (DUNE), Far Detector Technical Design Report, Volume II: DUNE Physics}",
    eprint = "2002.03005",
    archivePrefix = "arXiv",
    primaryClass = "hep-ex",
    reportNumber = "FERMILAB-PUB-20-025-ND, FERMILAB-DESIGN-2020-02",
    month = "2",
    year = "2020"
}


@article{Reines:1960we,
    author = "Reines, Frederick",
    title = "{Neutrino interactions}",
    doi = "10.1146/annurev.ns.10.120160.000245",
    journal = "Ann. Rev. Nucl. Part. Sci.",
    volume = "10",
    pages = "1--26",
    year = "1960"
}


@article{RootInt,
    author = "Ivanov, Marian and Ivanov, Marian and Eulise, Giulion",
    title = "{RootInteractive tool for multidimensional statistical analysis, machine learning and analytical model validation}",
    journal = "",
    eprint = "2403.19330",
    archivePrefix = "arXiv",
    primaryClass = "hep-ex",
    month = "3",
    year = "2024"
}

@article{NygrenTPC,
    author = {Nygren, D.},
    title = {Time-projection chamber},
    journal = {LBL--4800},
    year = {1975},
    country = {United States}
}

@article{Charpak:1968kd,
    author = "Charpak, Georges and Bouclier, R. and Bressani, T. and Favier, J. and Zupancic, C.",
    title = "{The Use of Multiwire Proportional Counters to Select and Localize Charged Particles}",
    doi = "10.1016/0029-554X(68)90371-6",
    journal = "Nucl. Instrum. Meth.",
    volume = "62",
    pages = "262--268",
    year = "1968"
}


@article{SAULI1997531,
    author = "Sauli, F.",
    title = "{GEM: A new concept for electron amplification in gas detectors}",
    doi = "10.1016/S0168-9002(96)01172-2",
    journal = "Nucl. Instrum. Meth. A",
    volume = "386",
    pages = "531--534",
    year = "1997"
}

@article{Mosel:2016cwa,
    author = "Mosel, Ulrich",
    title = "{Neutrino Interactions with Nucleons and Nuclei: Importance for Long-Baseline Experiments}",
    eprint = "1602.00696",
    archivePrefix = "arXiv",
    primaryClass = "nucl-th",
    doi = "10.1146/annurev-nucl-102115-044720",
    journal = "Ann. Rev. Nucl. Part. Sci.",
    volume = "66",
    pages = "171--195",
    year = "2016"
}

@article{Cai:2019jzk,
    author = "Cai, Tejin and Lu, X.-G. and Ruterbories, Daniel",
    title = "{Pion-proton correlation in neutrino interactions on nuclei}",
    eprint = "1907.11212",
    archivePrefix = "arXiv",
    primaryClass = "hep-ex",
    doi = "10.1103/PhysRevD.100.073010",
    journal = "Phys. Rev. D",
    volume = "100",
    pages = "073010",
    year = "2019"
}

@article{PhysRevC.99.055504,
    author = "Lu, X.-G. and Sobczyk, Jan T.",
    title = "{Identification of nuclear effects in neutrino and antineutrino interactions on nuclei using generalized final-state correlations}",
    eprint = "1901.06411",
    archivePrefix = "arXiv",
    primaryClass = "hep-ph",
    doi = "10.1103/PhysRevC.99.055504",
    journal = "Phys. Rev. C",
    volume = "99",
    number = "5",
    pages = "055504",
    year = "2019"
}

@article{PhysRevC.94.015503,
    author = "Lu, X.-G. and Pickering, L. and Dolan, S. and Barr, G. and Coplowe, D. and Uchida, Y. and Wark, D. and Wascko, M. O. and Weber, A. and Yuan, T.",
    title = "{Measurement of nuclear effects in neutrino interactions with minimal dependence on neutrino energy}",
    eprint = "1512.05748",
    archivePrefix = "arXiv",
    primaryClass = "nucl-th",
    doi = "10.1103/PhysRevC.94.015503",
    journal = "Phys. Rev. C",
    volume = "94",
    number = "1",
    pages = "015503",
    year = "2016"
}

@article{PhysRevD.102.033005,
    author = "Hamacher-Baumann, Philip and Lu, X.-G. and Mart\'\i{}n-Albo, Justo",
    title = "{Neutrino-hydrogen interactions with a high-pressure time projection chamber}",
    eprint = "2005.05252",
    archivePrefix = "arXiv",
    primaryClass = "physics.ins-det",
    doi = "10.1103/PhysRevD.102.033005",
    journal = "Phys. Rev. D",
    volume = "102",
    number = "3",
    pages = "033005",
    year = "2020"
}


@article{STAR:2002eio,
    author = "Ackermann, K. H. and others",
    collaboration = "STAR",
    title = "{STAR detector overview}",
    doi = "10.1016/S0168-9002(02)01960-5",
    journal = "Nucl. Instrum. Meth. A",
    volume = "499",
    pages = "624--632",
    year = "2003"
}

@article{Ivanov:2003yr,
 author ="Belikov, Y. and Ivanov, M. and Safarik, K. and Bracinik,
 J.",
 title ="{TPC tracking and particle identification in high density environment}",
 journal ="eConf",
 volume ="C0303241",
 pages ="TULT011",
 year ="2003",
 eprint ="physics/0306108",
 archivePrefix ="arXiv",
 primaryClass ="physics",
 reportNumber ="CHEP-2003-TULT011",
 SLACcitation ="%%CITATION = PHYSICS/0306108;%%",
}

@article{ATTIE200989,
    author = "Attie, D.",
    editor = "Buzulutskov, A.",
    title = "{TPC review}",
    doi = "10.1016/j.nima.2008.08.114",
    journal = "Nucl. Instrum. Meth. A",
    volume = "598",
    pages = "89--93",
    year = "2009"
}

@article{Hilke:2010zz,
    author = "Hilke, H. J.",
    title = "{Time projection chambers}",
    doi = "10.1088/0034-4885/73/11/116201",
    journal = "Rept. Prog. Phys.",
    volume = "73",
    pages = "116201",
    year = "2010"
}

@article{ALICE:2023udb,
    collaboration = "ALICE",
    title = "{ALICE upgrades during the LHC Long Shutdown 2}",
    eprint = "2302.01238",
    archivePrefix = "arXiv",
    primaryClass = "physics.ins-det",
    reportNumber = "CERN-EP-2023-009",
    month = "2",
    year = "2023"
}

@article{T2KND280TPC:2010nnd,
    author = "Abgrall, N. and others",
    collaboration = "T2K ND280 TPC",
    title = "{Time Projection Chambers for the T2K Near Detectors}",
    eprint = "1012.0865",
    archivePrefix = "arXiv",
    primaryClass = "physics.ins-det",
    doi = "10.1016/j.nima.2011.02.036",
    journal = "Nucl. Instrum. Meth. A",
    volume = "637",
    pages = "25--46",
    year = "2011"
}

@article{Adolfsson_2021,
    author = "Adolfsson, J. and others",
    collaboration = "ALICE TPC",
    title = "{The upgrade of the ALICE TPC with GEMs and continuous readout}",
    eprint = "2012.09518",
    archivePrefix = "arXiv",
    primaryClass = "physics.ins-det",
    doi = "10.1088/1748-0221/16/03/P03022",
    journal = "JINST",
    volume = "16",
    number = "03",
    pages = "P03022",
    year = "2021"
}

@article{Lu:2015hea,
    author = "Lu, X.-G. and Coplowe, D. and Shah, R. and Barr, G. and Wark, D. and Weber, A.",
    title = "{Reconstruction of Energy Spectra of Neutrino Beams Independent of Nuclear Effects}",
    eprint = "1507.00967",
    archivePrefix = "arXiv",
    primaryClass = "hep-ex",
    doi = "10.1103/PhysRevD.92.051302",
    journal = "Phys. Rev. D",
    volume = "92",
    number = "5",
    pages = "051302",
    year = "2015"
}

@article{Kalman_app,
    author = "Fruhwirth, R.",
    title = "{Application of Kalman filtering to track and vertex fitting}",
    reportNumber = "HEPHY-PUB-87-503",
    doi = "10.1016/0168-9002(87)90887-4",
    journal = "Nucl. Instrum. Meth. A",
    volume = "262",
    pages = "444--450",
    year = "1987"
}

@ARTICLE{Kalman_OG,
    author = {Kalman, R. E.},
    title = {A New Approach to Linear Filtering and Prediction Problems},
    journal = {Journal of Basic Engineering},
    volume = {82},
    pages = {35-45},
    year = {1960},
}

@article{stratonovich,
    author = "Stratonovich",
    title = "Optimum nonlinear systems which bring about a separation of a signal with constant parameters from noise",
    journal = "Radiofizika",
    year = "1959",
    volume = "2:6",
    pages = "892-901"
    
}

@article{RevModPhys.82.1419,
    author = "Strandlie, Are and Fruhwirth, Rudolf",
    title = "{Track and vertex reconstruction: From classical to adaptive methods}",
    doi = "10.1103/RevModPhys.82.1419",
    journal = "Rev. Mod. Phys.",
    volume = "82",
    pages = "1419--1458",
    year = "2010"
}

@book{lay2003linear,
  title={Linear Algebra and Its Applications},
  author={Lay, D.C.},
  chapter = {1.9 - The matrix of a linear transformation},
  pages   = {71-81},
  isbn={9788177583335},
  url={https://books.google.com/books?id=v8Zls26Y0wkC},
  year={2003},
  publisher={Pearson Education}
}

@misc{aliroot,
  title = {{AliRoot}},
  howpublished = {\url{https://github.com/alisw/AliRoot}},
  note = {Accessed: 2024-04-04}
}

@article{LIPPMANN2012,
    author = "Lippmann, Christian",
    editor = "Liu, Ted",
    title = "{Performance of the ALICE Time Projection Chamber}",
    doi = "10.1016/j.phpro.2012.02.390",
    journal = "Phys. Procedia",
    volume = "37",
    pages = "434--441",
    year = "2012"
}


@article{Church:2013hea,
    author = "Church, Eric D.",
    title = "{LArSoft: A Software Package for Liquid Argon Time Projection Drift Chambers}",
    eprint = "1311.6774",
    archivePrefix = "arXiv",
    primaryClass = "physics.ins-det",
    month = "11",
    year = "2013"
}

@misc{LArSoft,
  title = {{LArSoft}},
  howpublished = {\url{https://larsoft.org/}},
  note = {Accessed: 2024-06-17}
}

@misc{PullRequest,
  title = {{Pull request for new module implementation in GArSoft}},
  howpublished = {\url{https://github.com/DUNE/garsoft/pull/4}},
  note = {Accessed: 2024-07-4}
}

@article{MINERvA:2018hba,
    author = "Lu, X. G. and others",
    collaboration = "MINERvA",
    title = "{Measurement of final-state correlations in neutrino muon-proton mesonless production on hydrocarbon at $\langle E_\nu\rangle=3$ GeV}",
    eprint = "1805.05486",
    archivePrefix = "arXiv",
    primaryClass = "hep-ex",
    reportNumber = "FERMILAB-PUB-18-179-ND",
    doi = "10.1103/PhysRevLett.121.022504",
    journal = "Phys. Rev. Lett.",
    volume = "121",
    number = "2",
    pages = "022504",
    year = "2018"
}

@article{MINERvA:2019ope,
    author = "Cai, T. and others",
    collaboration = "MINERvA",
    title = "{Nucleon binding energy and transverse momentum imbalance in neutrino-nucleus reactions}",
    eprint = "1910.08658",
    archivePrefix = "arXiv",
    primaryClass = "hep-ex",
    reportNumber = "FERMILAB-PUB-19-539-ND",
    doi = "10.1103/PhysRevD.101.092001",
    journal = "Phys. Rev. D",
    volume = "101",
    number = "9",
    pages = "092001",
    year = "2020"
}

@article{MINERvA:2020anu,
    author = "Coplowe, D. and others",
    collaboration = "MINERvA",
    title = "{Probing nuclear effects with neutrino-induced charged-current neutral pion production}",
    eprint = "2002.05812",
    archivePrefix = "arXiv",
    primaryClass = "hep-ex",
    reportNumber = "FERMILAB-PUB-20-077-ND-SCD",
    doi = "10.1103/PhysRevD.102.072007",
    journal = "Phys. Rev. D",
    volume = "102",
    number = "7",
    pages = "072007",
    year = "2020"
}


@article{Green:2012gv,
    author = "Green, C. and Kowalkowski, J. and Paterno, M. and Fischler, M. and Garren, L. and Lu, Q.",
    editor = {Ernst, Michael and D\"ullmann, Dirk and Rind, Ofer and Wong, Tony},
    title = "{The Art Framework}",
    reportNumber = "FERMILAB-PUB-12-301-CD",
    doi = "10.1088/1742-6596/396/2/022020",
    journal = "J. Phys. Conf. Ser.",
    volume = "396",
    pages = "022020",
    year = "2012"
}

@article{Birks:1951boa,
    author = "Birks, J. B.",
    title = "{Scintillations from Organic Crystals: Specific Fluorescence and Relative Response to Different Radiations}",
    doi = "10.1088/0370-1298/64/10/303",
    journal = "Proc. Phys. Soc. A",
    volume = "64",
    pages = "874--877",
    year = "1951"
}

@article{Battisti:2024nqq,
    author = "Battisti, Federico and Ivanov, Marian and Lu, Xianguo",
    title = "{A Kalman Filter for track reconstruction in very large time projection chambers}",
    eprint = "2404.08614",
    journal = "",
    archivePrefix = "arXiv",
    primaryClass = "physics.ins-det",
    month = "4",
    year = "2024"
}

@article{T2K:2018rnz,
    author = "Abe, K. and others",
    collaboration = "T2K",
    title = "{Characterization of nuclear effects in muon-neutrino scattering on hydrocarbon with a measurement of final-state kinematics and correlations in charged-current pionless interactions at T2K}",
    eprint = "1802.05078",
    archivePrefix = "arXiv",
    primaryClass = "hep-ex",
    doi = "10.1103/PhysRevD.98.032003",
    journal = "Phys. Rev. D",
    volume = "98",
    number = "3",
    pages = "032003",
    year = "2018"
}


@article{MicroBooNE:2023tzj,
    author = "Abratenko, P. and others",
    collaboration = "MicroBooNE",
    title = "{First Double-Differential Measurement of Kinematic Imbalance in Neutrino Interactions with the MicroBooNE Detector}",
    eprint = "2301.03706",
    archivePrefix = "arXiv",
    primaryClass = "hep-ex",
    reportNumber = "FERMILAB-PUB-23-004-ND",
    doi = "10.1103/PhysRevLett.131.101802",
    journal = "Phys. Rev. Lett.",
    volume = "131",
    number = "10",
    pages = "101802",
    year = "2023"
}

@article{Diwan:2004bt,
    author = "Diwan, Milind V.",
    editor = "Lopez, A.",
    title = "{The Case for a super neutrino beam}",
    eprint = "hep-ex/0407047",
    archivePrefix = "arXiv",
    journal = "Frascati Phys. Ser.",
    volume = "35",
    pages = "89--109",
    year = "2004"
}

@article{Esteban:2018azc,
    author = "Esteban, Ivan and Gonzalez-Garcia, M. C. and Hernandez-Cabezudo, Alvaro and Maltoni, Michele and Schwetz, Thomas",
    title = "{Global analysis of three-flavour neutrino oscillations: synergies and tensions in the determination of $\theta_{23}$, $\delta_{CP}$, and the mass ordering}",
    eprint = "1811.05487",
    archivePrefix = "arXiv",
    primaryClass = "hep-ph",
    reportNumber = "IFT-UAM/CSIC-18-112, YITP-SB-18-34",
    doi = "10.1007/JHEP01(2019)106",
    journal = "JHEP",
    volume = "01",
    pages = "106",
    year = "2019"
}

@article{King:2014nza,
    author = "King, Stephen F. and Merle, Alexander and Morisi, Stefano and Shimizu, Yusuke and Tanimoto, Morimitsu",
    title = "{Neutrino Mass and Mixing: from Theory to Experiment}",
    eprint = "1402.4271",
    archivePrefix = "arXiv",
    primaryClass = "hep-ph",
    doi = "10.1088/1367-2630/16/4/045018",
    journal = "New J. Phys.",
    volume = "16",
    pages = "045018",
    year = "2014"
}

@article{deBoer:1994dg,
    author = "de Boer, W.",
    title = "{Grand unified theories and supersymmetry in particle physics and cosmology}",
    eprint = "hep-ph/9402266",
    archivePrefix = "arXiv",
    reportNumber = "IEKP-KA-94-01",
    doi = "10.1016/0146-6410(94)90045-0",
    journal = "Prog. Part. Nucl. Phys.",
    volume = "33",
    pages = "201--302",
    year = "1994"
}

@article{Langacker:1980js,
    author = "Langacker, Paul",
    title = "{Grand Unified Theories and Proton Decay}",
    reportNumber = "SLAC-PUB-2544",
    doi = "10.1016/0370-1573(81)90059-4",
    journal = "Phys. Rept.",
    volume = "72",
    pages = "185",
    year = "1981"
}

@article{Super-Kamiokande:2014otb,
    author = "Abe, K. and others",
    collaboration = "Super-Kamiokande",
    title = "{Search for proton decay via $p\to\nu K^+$ using 260  kiloton\textperiodcentered{}year data of Super-Kamiokande}",
    eprint = "1408.1195",
    archivePrefix = "arXiv",
    primaryClass = "hep-ex",
    doi = "10.1103/PhysRevD.90.072005",
    journal = "Phys. Rev. D",
    volume = "90",
    number = "7",
    pages = "072005",
    year = "2014"
}

@article{Super-Kamiokande:2017gev,
    author = "Abe, K. and others",
    collaboration = "Super-Kamiokande",
    title = "{Search for nucleon decay into charged antilepton plus meson in 0.316 megaton$\cdot$years exposure of the Super-Kamiokande water Cherenkov detector}",
    eprint = "1705.07221",
    archivePrefix = "arXiv",
    primaryClass = "hep-ex",
    doi = "10.1103/PhysRevD.96.012003",
    journal = "Phys. Rev. D",
    volume = "96",
    number = "1",
    pages = "012003",
    year = "2017"
}

@article{Super-Kamiokande:2016exg,
    author = "Abe, K. and others",
    collaboration = "Super-Kamiokande",
    title = "{Search for proton decay via $p \to e^+\pi^0$ and $p \to \mu^+\pi^0$ in 0.31  megaton\textperiodcentered{}years exposure of the Super-Kamiokande water Cherenkov detector}",
    eprint = "1610.03597",
    archivePrefix = "arXiv",
    primaryClass = "hep-ex",
    doi = "10.1103/PhysRevD.95.012004",
    journal = "Phys. Rev. D",
    volume = "95",
    number = "1",
    pages = "012004",
    year = "2017"
}

@article{Hyper-Kamiokande:2018ofw,
    author = "Abe, K. and others",
    collaboration = "Hyper-Kamiokande",
    title = "{Hyper-Kamiokande Design Report}",
    eprint = "1805.04163",
    archivePrefix = "arXiv",
    primaryClass = "physics.ins-det",
    month = "5",
    year = "2018",
    journal = "HAL"
}

@article{JUNO:2015sjr,
    author = "Djurcic, Zelimir and others",
    collaboration = "JUNO",
    title = "{JUNO Conceptual Design Report}",
    eprint = "1508.07166",
    archivePrefix = "arXiv",
    primaryClass = "physics.ins-det",
    month = "8",
    year = "2015",
    journal = "CERN Document Server"
}

@article{Ternes:2019sak,
    author = "Ternes, Christoph A. and Gariazzo, Stefano and Hajjar, Rasmi and Mena, Olga and Sorel, Michel and T\'ortola, Mariam",
    title = "{Neutrino mass ordering at DUNE: An extra $\nu$ bonus}",
    eprint = "1905.03589",
    archivePrefix = "arXiv",
    primaryClass = "hep-ph",
    doi = "10.1103/PhysRevD.100.093004",
    journal = "Phys. Rev. D",
    volume = "100",
    number = "9",
    pages = "093004",
    year = "2019"
}

@article{Kelly:2019itm,
    author = "Kelly, Kevin James and Machado, Pedro AN and Martinez Soler, Ivan and Parke, Stephen J and Perez Gonzalez, Yuber F",
    title = "{Sub-GeV Atmospheric Neutrinos and CP-Violation in DUNE}",
    eprint = "1904.02751",
    archivePrefix = "arXiv",
    primaryClass = "hep-ph",
    reportNumber = "FERMILAB-PUB-19-136-T, NUHEP-TH/19-03",
    doi = "10.1103/PhysRevLett.123.081801",
    journal = "Phys. Rev. Lett.",
    volume = "123",
    number = "8",
    pages = "081801",
    year = "2019"
}

@article{IceCube:2010fyu,
    author = "Abbasi, R. and others",
    collaboration = "IceCube",
    title = "{Search for a Lorentz-violating sidereal signal with atmospheric neutrinos in IceCube}",
    eprint = "1010.4096",
    archivePrefix = "arXiv",
    primaryClass = "astro-ph.HE",
    doi = "10.1103/PhysRevD.82.112003",
    journal = "Phys. Rev. D",
    volume = "82",
    pages = "112003",
    year = "2010"
}

@article{IceCube:2017qyp,
    author = "Aartsen, M. G. and others",
    collaboration = "IceCube",
    title = "{Neutrino Interferometry for High-Precision Tests of Lorentz Symmetry with IceCube}",
    eprint = "1709.03434",
    archivePrefix = "arXiv",
    primaryClass = "hep-ex",
    doi = "10.1038/s41567-018-0172-2",
    journal = "Nature Phys.",
    volume = "14",
    number = "9",
    pages = "961--966",
    year = "2018"
}

@article{IceCube:2016zyt,
    author = "Aartsen, M. G. and others",
    collaboration = "IceCube",
    title = "{The IceCube Neutrino Observatory: Instrumentation and Online Systems}",
    eprint = "1612.05093",
    archivePrefix = "arXiv",
    primaryClass = "astro-ph.IM",
    doi = "10.1088/1748-0221/12/03/P03012",
    journal = "JINST",
    volume = "12",
    number = "03",
    pages = "P03012",
    year = "2017",
    note = "[Erratum: JINST 19, E05001 (2024)]"
}

@article{Super-Kamiokande:2014exs,
    author = "Abe, K. and others",
    collaboration = "Super-Kamiokande",
    title = "{Test of Lorentz invariance with atmospheric neutrinos}",
    eprint = "1410.4267",
    archivePrefix = "arXiv",
    primaryClass = "hep-ex",
    doi = "10.1103/PhysRevD.91.052003",
    journal = "Phys. Rev. D",
    volume = "91",
    number = "5",
    pages = "052003",
    year = "2015"
}

@article{Chatterjee:2014gxa,
    author = "Chatterjee, Animesh and Mehta, Poonam and Choudhury, Debajyoti and Gandhi, Raj",
    title = "{Testing nonstandard neutrino matter interactions in atmospheric neutrino propagation}",
    eprint = "1409.8472",
    archivePrefix = "arXiv",
    primaryClass = "hep-ph",
    doi = "10.1103/PhysRevD.93.093017",
    journal = "Phys. Rev. D",
    volume = "93",
    number = "9",
    pages = "093017",
    year = "2016"
}

@article{Super-Kamiokande:2014ndf,
    author = "Abe, K. and others",
    collaboration = "Super-Kamiokande",
    title = "{Limits on sterile neutrino mixing using atmospheric neutrinos in Super-Kamiokande}",
    eprint = "1410.2008",
    archivePrefix = "arXiv",
    primaryClass = "hep-ex",
    doi = "10.1103/PhysRevD.91.052019",
    journal = "Phys. Rev. D",
    volume = "91",
    pages = "052019",
    year = "2015"
}
@article{Bionta:1987qt,
    author = "Bionta, R. M. and others",
    title = "{Observation of a Neutrino Burst in Coincidence with Supernova SN 1987a in the Large Magellanic Cloud}",
    reportNumber = "UCI-NEUTRINO-87-10",
    doi = "10.1103/PhysRevLett.58.1494",
    journal = "Phys. Rev. Lett.",
    volume = "58",
    pages = "1494",
    year = "1987"
}
@article{Kamiokande-II:1987idp,
    author = "Hirata, K. and others",
    editor = "Wali, K. C.",
    collaboration = "Kamiokande-II",
    title = "{Observation of a Neutrino Burst from the Supernova SN 1987a}",
    reportNumber = "UT-ICEPP-87-01, UPR-142E",
    doi = "10.1103/PhysRevLett.58.1490",
    journal = "Phys. Rev. Lett.",
    volume = "58",
    pages = "1490--1493",
    year = "1987"
}

@article{Gariazzo:2017fdh,
    author = "Gariazzo, S. and Giunti, C. and Laveder, M. and Li, Y. F.",
    title = "{Updated Global 3+1 Analysis of Short-BaseLine Neutrino Oscillations}",
    eprint = "1703.00860",
    archivePrefix = "arXiv",
    primaryClass = "hep-ph",
    doi = "10.1007/JHEP06(2017)135",
    journal = "JHEP",
    volume = "06",
    pages = "135",
    year = "2017"
}

@article{Dentler:2018sju,
    author = "Dentler, Mona and Hern\'andez-Cabezudo, \'Alvaro and Kopp, Joachim and Machado, Pedro A. N. and Maltoni, Michele and Martinez-Soler, Ivan and Schwetz, Thomas",
    title = "{Updated Global Analysis of Neutrino Oscillations in the Presence of eV-Scale Sterile Neutrinos}",
    eprint = "1803.10661",
    archivePrefix = "arXiv",
    primaryClass = "hep-ph",
    reportNumber = "MITP-18-023, IFT-UAM-CSIC-18-033, MITP/18-023, FERMILAB-PUB-18-086-T, IFT-UAM/CSIC-18-033",
    doi = "10.1007/JHEP08(2018)010",
    journal = "JHEP",
    volume = "08",
    pages = "010",
    year = "2018"
}

@article{Farzan:2017xzy,
    author = "Farzan, Y. and Tortola, M.",
    title = "{Neutrino oscillations and Non-Standard Interactions}",
    eprint = "1710.09360",
    archivePrefix = "arXiv",
    primaryClass = "hep-ph",
    doi = "10.3389/fphy.2018.00010",
    journal = "Front. in Phys.",
    volume = "6",
    pages = "10",
    year = "2018"
}

@article{Altmannshofer:2019zhy,
    author = "Altmannshofer, Wolfgang and Gori, Stefania and Mart\'\i{}n-Albo, Justo and Sousa, Alexandre and Wallbank, Michael",
    title = "{Neutrino Tridents at DUNE}",
    eprint = "1902.06765",
    archivePrefix = "arXiv",
    primaryClass = "hep-ph",
    reportNumber = "FERMILAB-PUB-19-062-LBNF-ND",
    doi = "10.1103/PhysRevD.100.115029",
    journal = "Phys. Rev. D",
    volume = "100",
    number = "11",
    pages = "115029",
    year = "2019"
}

@article{Planck:2018vyg,
    author = "Aghanim, N. and others",
    collaboration = "Planck",
    title = "{Planck 2018 results. VI. Cosmological parameters}",
    eprint = "1807.06209",
    archivePrefix = "arXiv",
    primaryClass = "astro-ph.CO",
    doi = "10.1051/0004-6361/201833910",
    journal = "Astron. Astrophys.",
    volume = "641",
    pages = "A6",
    year = "2020",
    note = "[Erratum: Astron.Astrophys. 652, C4 (2021)]"
}

@inproceedings{Battaglieri:2017aum,
    author = "Battaglieri, Marco and others",
    title = "{US Cosmic Visions: New Ideas in Dark Matter 2017: Community Report}",
    booktitle = "{U.S. Cosmic Visions: New Ideas in Dark Matter}",
    eprint = "1707.04591",
    archivePrefix = "arXiv",
    primaryClass = "hep-ph",
    reportNumber = "FERMILAB-CONF-17-282-AE-PPD-T",
    month = "7",
    year = "2017"
}

@article{Agashe:2014yua,
    author = "Agashe, Kaustubh and Cui, Yanou and Necib, Lina and Thaler, Jesse",
    title = "{(In)direct Detection of Boosted Dark Matter}",
    eprint = "1405.7370",
    archivePrefix = "arXiv",
    primaryClass = "hep-ph",
    reportNumber = "MIT-CTP-4538, UMD-PP-014-005",
    doi = "10.1088/1475-7516/2014/10/062",
    journal = "JCAP",
    volume = "10",
    pages = "062",
    year = "2014"
}

@article{NOvA:2019cyt,
    author = "Acero, M. A. and others",
    collaboration = "NOvA",
    title = "{First Measurement of Neutrino Oscillation Parameters using Neutrinos and Antineutrinos by NOvA}",
    eprint = "1906.04907",
    archivePrefix = "arXiv",
    primaryClass = "hep-ex",
    reportNumber = "FERMILAB-PUB-19-272-ND",
    doi = "10.1103/PhysRevLett.123.151803",
    journal = "Phys. Rev. Lett.",
    volume = "123",
    number = "15",
    pages = "151803",
    year = "2019"
}

@article{Bodek:2012uu,
    author = "Bodek, A. and Sarica, U. and Naples, D. and Ren, L.",
    title = "{Methods to Determine Neutrino Flux at Low Energies:Investigation of the Low $\nu$ Method}",
    eprint = "1201.3025",
    archivePrefix = "arXiv",
    primaryClass = "hep-ex",
    doi = "10.1140/epjc/s10052-012-1973-6",
    journal = "Eur. Phys. J. C",
    volume = "72",
    pages = "1973",
    year = "2012"
}

@article{MINERvA:2019rhx,
    author = "Le, T. and others",
    collaboration = "MINERvA",
    title = "{Measurement of $\bar{\nu}_{\mu}$ Charged-Current Single $\pi^{-}$ Production on Hydrocarbon in the Few-GeV Region using MINERvA}",
    eprint = "1906.08300",
    archivePrefix = "arXiv",
    primaryClass = "hep-ex",
    reportNumber = "FERMILAB-PUB-18-578-ND",
    doi = "10.1103/PhysRevD.100.052008",
    journal = "Phys. Rev. D",
    volume = "100",
    number = "5",
    pages = "052008",
    year = "2019"
}

@article{MiniBooNE:2010eis,
    author = "Aguilar-Arevalo, A. A. and others",
    collaboration = "MiniBooNE",
    title = "{Measurement of Neutrino-Induced Charged-Current Charged Pion Production Cross Sections on Mineral Oil at E$_{\nu}\sim 1~\textrm{GeV}$}",
    eprint = "1011.3572",
    archivePrefix = "arXiv",
    primaryClass = "hep-ex",
    reportNumber = "FERMILAB-PUB-10-470-E",
    doi = "10.1103/PhysRevD.83.052007",
    journal = "Phys. Rev. D",
    volume = "83",
    pages = "052007",
    year = "2011"
}

@article{T2K:2019yqu,
    author = "Abe, K. and others",
    collaboration = "T2K",
    title = "{Measurement of the muon neutrino charged-current single $\pi^+$ production on hydrocarbon using the T2K off-axis near detector ND280}",
    eprint = "1909.03936",
    archivePrefix = "arXiv",
    primaryClass = "hep-ex",
    doi = "10.1103/PhysRevD.101.012007",
    journal = "Phys. Rev. D",
    volume = "101",
    number = "1",
    pages = "012007",
    year = "2020"
}

@article{NuTeV:2005wsg,
    author = "Tzanov, M. and others",
    collaboration = "NuTeV",
    title = "{Precise measurement of neutrino and anti-neutrino differential cross sections}",
    eprint = "hep-ex/0509010",
    archivePrefix = "arXiv",
    reportNumber = "FERMILAB-PUB-05-453-E",
    doi = "10.1103/PhysRevD.74.012008",
    journal = "Phys. Rev. D",
    volume = "74",
    pages = "012008",
    year = "2006"
}

@article{MINERvA:2017ipy,
    author = "Mislivec, A. and others",
    collaboration = "MINERvA",
    title = "{Measurement of total and differential cross sections of neutrino and antineutrino coherent $\pi^\pm$ production on carbon}",
    eprint = "1711.01178",
    archivePrefix = "arXiv",
    primaryClass = "hep-ex",
    reportNumber = "FERMILAB-PUB-17-504-E",
    doi = "10.1103/PhysRevD.97.032014",
    journal = "Phys. Rev. D",
    volume = "97",
    number = "3",
    pages = "032014",
    year = "2018"
}

@article{Stanco:2016usn,
    author = "Stanco, Luca",
    editor = "Bravina, L. and Foka, Y. and Kabana, S.",
    title = "{The next challenge for neutrinos: the mass ordering}",
    eprint = "1610.05533",
    archivePrefix = "arXiv",
    primaryClass = "hep-ph",
    doi = "10.1051/epjconf/201716401031",
    journal = "EPJ Web Conf.",
    volume = "164",
    pages = "01031",
    year = "2017"
}

@article{ParticleDataGroup:2022pth,
    author = "Workman, R. L. and others",
    collaboration = "Particle Data Group",
    title = "{Review of Particle Physics}",
    doi = "10.1093/ptep/ptac097",
    journal = "PTEP",
    volume = "2022",
    pages = "083C01",
    year = "2022"
}

@article{Wolfenstein:1977ue,
    author = "Wolfenstein, L.",
    title = "{Neutrino Oscillations in Matter}",
    reportNumber = "COO-3066-102",
    doi = "10.1103/PhysRevD.17.2369",
    journal = "Phys. Rev. D",
    volume = "17",
    pages = "2369--2374",
    year = "1978"
}

@article{Mikheyev:1985zog,
    author = "Mikheyev, S. P. and Smirnov, A. Yu.",
    title = "{Resonance Amplification of Oscillations in Matter and Spectroscopy of Solar Neutrinos}",
    journal = "Sov. J. Nucl. Phys.",
    volume = "42",
    pages = "913--917",
    year = "1985"
}

@inproceedings{Smirnov:2003da,
    author = "Smirnov, A. Yu.",
    title = "{The MSW effect and solar neutrinos}",
    booktitle = "{10th International Workshop on Neutrino Telescopes}",
    eprint = "hep-ph/0305106",
    archivePrefix = "arXiv",
    pages = "23--43",
    month = "5",
    year = "2003"
}



@booklet{Ricciardi2003,
    author = "Ricciardi S.",
    title = "Lecture notes on Neutrino oscillations in matter",
    year = "2003",
    month = "10",
    day = "6",
    url = "https://hepwww.pp.rl.ac.uk/users/Ricciardi/Lectures/MSW-1.pdf"
}

@booklet{Boyde2005,
    author = "Boyde S.",
    title = "Lecture notes on Neutrino Oscillations",
    year = "2005",
    month = "11",
    day = "25",
    url = "https://warwick.ac.uk/fac/sci/physics/staff/academic/boyd/stuff/neutrinolectures/lec_oscillations.pdf"
}

@article{Bona:2024bue,
    author = "Bona, Marcella and others",
    title = "{Overview and theoretical prospects for CKM matrix and CP violation from the UTfit Collaboration}",
    doi = "10.22323/1.457.0007",
    journal = "PoS",
    volume = "WIFAI2023",
    pages = "007",
    year = "2024"
}

@article{KATRIN:2019yun,
    author = "Aker, M. and others",
    collaboration = "KATRIN",
    title = "{Improved Upper Limit on the Neutrino Mass from a Direct Kinematic Method by KATRIN}",
    eprint = "1909.06048",
    archivePrefix = "arXiv",
    primaryClass = "hep-ex",
    doi = "10.1103/PhysRevLett.123.221802",
    journal = "Phys. Rev. Lett.",
    volume = "123",
    number = "22",
    pages = "221802",
    year = "2019"
}

@inproceedings{Gariazzo:2024beg,
    author = "Gariazzo, S.",
    title = "{Neutrino masses in cosmology}",
    booktitle = "{21st Lomonosov Conference on Elementary Particle Physics}",
    eprint = "2401.11976",
    archivePrefix = "arXiv",
    primaryClass = "astro-ph.CO",
    month = "1",
    year = "2024"
}



@booklet{Frass2009,
    author = "Frass W. and  Walczak R.",
    title = "Lecture notes on the passage of particles though matter",
    year = "2009",
    url = "https://www2.physics.ox.ac.uk/sites/default/files/Passage.pdf"
}

@book{Thomson_2013, place={Cambridge}, title={Modern Particle Physics}, publisher={Cambridge University Press}, author={Thomson, Mark}, year={2013}}

@Inbook{Wurm2021,
author="Wurm, M.
and von Feilitzsch, F.
and Lanfranchi, Jean-Come",
editor="Fleck, Ivor
and Titov, Maxim
and Grupen, Claus
and Buvat, Ir{\`e}ne",
title="Neutrino Detectors",
bookTitle="Handbook of Particle Detection and Imaging",
year="2021",
publisher="Springer International Publishing",
address="Cham",
pages="371--412",
isbn="978-3-319-93785-4",
doi="10.1007/978-3-319-93785-4_14",
url="https://doi.org/10.1007/978-3-319-93785-4_14"
}

@article{T2K:2012qoq,
    author = "Abe, K. and others",
    collaboration = "T2K",
    title = "{First Muon-Neutrino Disappearance Study with an Off-Axis Beam}",
    eprint = "1201.1386",
    archivePrefix = "arXiv",
    primaryClass = "hep-ex",
    doi = "10.1103/PhysRevD.85.031103",
    journal = "Phys. Rev. D",
    volume = "85",
    pages = "031103",
    year = "2012"
}

@article{Kajita:2016vhj,
    author = "Kajita, T. and Kearns, E. and Shiozawa, M.",
    collaboration = "Super-Kamiokande",
    title = "{Establishing atmospheric neutrino oscillations with Super-Kamiokande}",
    doi = "10.1016/j.nuclphysb.2016.04.017",
    journal = "Nucl. Phys. B",
    volume = "908",
    pages = "14--29",
    year = "2016"
}

@article{IceCube:2021slf,
    author = "Abbasi, R. and others",
    collaboration = "IceCube",
    title = "{Search for Multi-flare Neutrino Emissions in 10 yr of IceCube Data from a Catalog of Sources}",
    eprint = "2109.05818",
    archivePrefix = "arXiv",
    primaryClass = "astro-ph.HE",
    doi = "10.3847/2041-8213/ac2c7b",
    journal = "Astrophys. J. Lett.",
    volume = "920",
    number = "2",
    pages = "L45",
    year = "2021"
}

@article{KamLAND:2002uet,
    author = "Eguchi, K. and others",
    collaboration = "KamLAND",
    title = "{First results from KamLAND: Evidence for reactor anti-neutrino disappearance}",
    eprint = "hep-ex/0212021",
    archivePrefix = "arXiv",
    doi = "10.1103/PhysRevLett.90.021802",
    journal = "Phys. Rev. Lett.",
    volume = "90",
    pages = "021802",
    year = "2003"
}

@article{Borexino:1998vpm,
    author = "Alimonti, G. and others",
    collaboration = "Borexino",
    title = "{Ultra-low background measurements in a large volume underground detector}",
    doi = "10.1016/S0927-6505(97)00050-9",
    journal = "Astropart. Phys.",
    volume = "8",
    pages = "141--157",
    year = "1998"
}

@article{MINERvA:2013zvz,
    author = "Aliaga, L. and others",
    collaboration = "MINERvA",
    title = "{Design, Calibration, and Performance of the MINERvA Detector}",
    eprint = "1305.5199",
    archivePrefix = "arXiv",
    primaryClass = "physics.ins-det",
    reportNumber = "FERMILAB-PUB-13-111-E",
    doi = "10.1016/j.nima.2013.12.053",
    journal = "Nucl. Instrum. Meth. A",
    volume = "743",
    pages = "130--159",
    year = "2014"
}

@article{T2K:2011qtm,
    author = "Abe, K. and others",
    collaboration = "T2K",
    title = "{The T2K Experiment}",
    eprint = "1106.1238",
    archivePrefix = "arXiv",
    primaryClass = "physics.ins-det",
    doi = "10.1016/j.nima.2011.06.067",
    journal = "Nucl. Instrum. Meth. A",
    volume = "659",
    pages = "106--135",
    year = "2011"
}

@article{MINOS:1998kez,
    author = "Ambats, I. and others",
    collaboration = "MINOS",
    title = "{The MINOS Detectors Technical Design Report}",
    reportNumber = "NUMI-L-337, FERMILAB-DESIGN-1998-02",
    doi = "10.2172/1861363",
    month = "10",
    year = "1998",
    journal = ""
}


@Inbook{Bishop1995,
author="Welch, Gregory F.",
editor="Ikeuchi, Katsushi",
title="Kalman Filter",
bookTitle="Computer Vision: A Reference Guide",
year="2014",
publisher="Springer US",
address="Boston, MA",
pages="435--437",
isbn="978-0-387-31439-6",
doi="10.1007/978-0-387-31439-6_716",
}

@article{Subedi:2008zz,
    author = "Subedi, R. and others",
    title = "{Probing Cold Dense Nuclear Matter}",
    eprint = "0908.1514",
    archivePrefix = "arXiv",
    primaryClass = "nucl-ex",
    reportNumber = "JLAB-PHY-08-828",
    doi = "10.1126/science.1156675",
    journal = "Science",
    volume = "320",
    pages = "1476--1478",
    year = "2008"
}

@book{Pauli,
    author = "W. Pauli",
    title = "Letter to a physicist’s gathering at Tubingen reprinted in Wolfgang Pauli Collected Scientific Papers",
    publisher = "R. Kronig and V. Weisskopf (Interscience New York 1964) ",
    year = "1930",
    day = "4",
    month = "12",
    volume = "2",
    page = "1313"
}

@article{Fermi1934,
    author = "E. Fermi",
    title = "Tentativo di una Teoria Dei Raggi Beta",
    journal = "Il Nuovo Cimento",
    year = "1934",
    month = "1",
    page = "1-19",
    volume = "11"
}

@article{Bethe:1934qn,
    author = "Bethe, H. and Peierls, R.",
    title = "{The 'neutrino'}",
    doi = "10.1038/133532a0",
    journal = "Nature",
    volume = "133",
    pages = "532",
    year = "1934"
}

@article{Pontecorvo:1946mv,
    author = "Pontecorvo, B.",
    title = "{Inverse beta process}",
    reportNumber = "PD-205",
    journal = "Camb. Monogr. Part. Phys. Nucl. Phys. Cosmol.",
    volume = "1",
    pages = "25--31",
    year = "1991"
}

@article{Reines:1956rs,
    author = "Reines, Frederick and Cowan, Clyde L.",
    title = "{The neutrino}",
    doi = "10.1038/178446a0",
    journal = "Nature",
    volume = "178",
    pages = "446--449",
    year = "1956"
}

@article{Danby:1962nd,
    author = "Danby, G. and Gaillard, J. M. and Goulianos, Konstantin A. and Lederman, L. M. and Mistry, Nari B. and Schwartz, M. and Steinberger, J.",
    title = "{Observation of High-Energy Neutrino Reactions and the Existence of Two Kinds of Neutrinos}",
    doi = "10.1103/PhysRevLett.9.36",
    journal = "Phys. Rev. Lett.",
    volume = "9",
    pages = "36--44",
    year = "1962"
}

@article{Perl:1975bf,
    author = "Perl, Martin L. and others",
    title = "{Evidence for Anomalous Lepton Production in e+ - e- Annihilation}",
    reportNumber = "SLAC-PUB-1626, LBL-4228",
    doi = "10.1103/PhysRevLett.35.1489",
    journal = "Phys. Rev. Lett.",
    volume = "35",
    pages = "1489--1492",
    year = "1975"
}

@article{ALEPH:1989ikb,
    author = "Decamp, D. and others",
    collaboration = "ALEPH",
    title = "{A Precise Determination of the Number of Families With Light Neutrinos and of the $Z$ Boson Partial Widths}",
    reportNumber = "CERN-EP/89-169",
    doi = "10.1016/0370-2693(90)91984-J",
    journal = "Phys. Lett. B",
    volume = "235",
    pages = "399--411",
    year = "1990"
}

@article{DONUT:2000fbd,
    author = "Kodama, K. and others",
    collaboration = "DONUT",
    title = "{Observation of tau neutrino interactions}",
    eprint = "hep-ex/0012035",
    archivePrefix = "arXiv",
    reportNumber = "FERMILAB-PUB-00-335-E",
    doi = "10.1016/S0370-2693(01)00307-0",
    journal = "Phys. Lett. B",
    volume = "504",
    pages = "218--224",
    year = "2001"
}

@article{Borexino:2014lrx,
    author = "D'Angelo, D. and others",
    editor = "Bravina, Larisa and Foka, Yiota and Kabana, Sonja",
    collaboration = "Borexino",
    title = "{Recent Borexino results and prospects for the near future}",
    eprint = "1405.7919",
    archivePrefix = "arXiv",
    primaryClass = "hep-ex",
    doi = "10.1051/epjconf/201612602008",
    journal = "EPJ Web Conf.",
    volume = "126",
    pages = "02008",
    year = "2016"
}

@article{Lande:2003ex,
    author = "Lande, K. and Wildenhain, P.",
    editor = "von Feilitzsch, F. and Schmitz, N.",
    title = "{The Homestake chlorine solar neutrino experiment: Past, present and future}",
    doi = "10.1016/S0920-5632(03)01303-3",
    journal = "Nucl. Phys. B Proc. Suppl.",
    volume = "118",
    pages = "49--54",
    year = "2003"
}

@article{GNO:2005bds,
    author = "Altmann, M. and others",
    collaboration = "GNO",
    title = "{Complete results for five years of GNO solar neutrino observations}",
    eprint = "hep-ex/0504037",
    archivePrefix = "arXiv",
    reportNumber = "MPI-K-2005-008",
    doi = "10.1016/j.physletb.2005.04.068",
    journal = "Phys. Lett. B",
    volume = "616",
    pages = "174--190",
    year = "2005"
}

@article{SAGE:2002fps,
    author = "Abdurashitov, J. N. and others",
    collaboration = "SAGE",
    title = "{Solar neutrino flux measurements by the Soviet-American Gallium Experiment (SAGE) for half the 22 year solar cycle}",
    eprint = "astro-ph/0204245",
    archivePrefix = "arXiv",
    doi = "10.1134/1.1506424",
    journal = "J. Exp. Theor. Phys.",
    volume = "95",
    pages = "181--193",
    year = "2002"
}

@article{Super-Kamiokande:2001ljr,
    author = "Fukuda, S. and others",
    collaboration = "Super-Kamiokande",
    title = "{Solar B-8 and hep neutrino measurements from 1258 days of Super-Kamiokande data}",
    eprint = "hep-ex/0103032",
    archivePrefix = "arXiv",
    doi = "10.1103/PhysRevLett.86.5651",
    journal = "Phys. Rev. Lett.",
    volume = "86",
    pages = "5651--5655",
    year = "2001"
}

@article{SNO:2002tuh,
    author = "Ahmad, Q. R. and others",
    collaboration = "SNO",
    title = "{Direct evidence for neutrino flavor transformation from neutral current interactions in the Sudbury Neutrino Observatory}",
    eprint = "nucl-ex/0204008",
    archivePrefix = "arXiv",
    doi = "10.1103/PhysRevLett.89.011301",
    journal = "Phys. Rev. Lett.",
    volume = "89",
    pages = "011301",
    year = "2002"
}

@article{Lippmann:2012lwa,
    author = "Lippmann, Christian",
    editor = "Liu, Ted",
    title = "{Performance of the ALICE Time Projection Chamber}",
    doi = "10.1016/j.phpro.2012.02.390",
    journal = "Phys. Procedia",
    volume = "37",
    pages = "434--441",
    year = "2012"
}

@article{Grupen:1999by,
    author = "Grupen, Claus",
    editor = "Kartal, S.",
    title = "{Physics of particle detection}",
    eprint = "physics/9906063",
    archivePrefix = "arXiv",
    doi = "10.1063/1.1361756",
    journal = "AIP Conf. Proc.",
    volume = "536",
    number = "1",
    pages = "3--34",
    year = "2000"
}


@article{DUNE:2022aul,
    author = "Abed Abud, A. and others",
    collaboration = "DUNE",
    title = "{Snowmass Neutrino Frontier: DUNE Physics Summary}",
    eprint = "2203.06100",
    archivePrefix = "arXiv",
    primaryClass = "hep-ex",
    reportNumber = "FERMILAB-FN-1168-LBNF",
    month = "3",
    year = "2022"
}

@article{ND-GAR-LiteCDR,
    author = "DUNE ND-GAr working group",
    title = "{A Conceptual Design for ND-GAr-Lite}",
    month = "9",
    year = "2021",
    url = "https://indico.fnal.gov/event/51215/attachments/147873/189770/ND_GAr_Lite_CDR_20210930.pdf"
}

@article{Andreopoulos:2009rq,
    author = "Andreopoulos, C. and others",
    title = "{The GENIE Neutrino Monte Carlo Generator}",
    eprint = "0905.2517",
    archivePrefix = "arXiv",
    primaryClass = "hep-ph",
    reportNumber = "FERMILAB-PUB-09-418-CD",
    doi = "10.1016/j.nima.2009.12.009",
    journal = "Nucl. Instrum. Meth. A",
    volume = "614",
    pages = "87--104",
    year = "2010"
}

@article{Brun:1997pa,
    author = "Brun, R. and Rademakers, F.",
    editor = "Werlen, M. and Perret-Gallix, D.",
    title = "{ROOT: An object oriented data analysis framework}",
    doi = "10.1016/S0168-9002(97)00048-X",
    journal = "Nucl. Instrum. Meth. A",
    volume = "389",
    pages = "81--86",
    year = "1997"
}

@article{GEANT4:2002zbu,
    author = "Agostinelli, S. and others",
    collaboration = "GEANT4",
    title = "{GEANT4--a simulation toolkit}",
    reportNumber = "SLAC-PUB-9350, FERMILAB-PUB-03-339, CERN-IT-2002-003",
    doi = "10.1016/S0168-9002(03)01368-8",
    journal = "Nucl. Instrum. Meth. A",
    volume = "506",
    pages = "250--303",
    year = "2003"
}

